@ONLINE{go_doc_testing,
	title	= {The Go programming language - Package testing},
	author	= {The Go project maintainers},
	url		= {http://golang.org/pkg/testing/},
	urldate = {2015-02-11}
}
@ONLINE{go_dl_google,
	title	= {dl.google.com: Powered by Go},
	author	= {Fitzpatrick, Bradley Joseph},
	day 	= {26},
	month 	= {07},
	year 	= {2013},
	url		= {http://talks.golang.org/2013/oscon-dl.slide},
	urldate = {2015-02-18}
}
@ONLINE{cost_of_science,
	title		= {The Costs of Science in the Exascale Era},
	author		= {Ludwig, Thomas},
	url			= {http://perso.ens-lyon.fr/laurent.lefevre/greendaysparis/slides/greendaysparis_Thomas_Ludwig.pdf},
	date 		= {2011-05-31},
	location 	= {Paris},
	urldate 	= {2014-12-02}
}
@ONLINE{GUO14,
	title	= {Python is Now the Most Popular Introductory Teaching Language at Top U.S. Universities},
	author	= {Guo, Philip},
	date    = {2014-10-07},
	url		= {http://cacm.acm.org/blogs/blog-cacm/176450-python-is-now-the-most-popular-introductory-teaching-language-at-top-us-universities/fulltext},
	urldate = {2014-12-07}
}
@BOOK{intro_py,
	title 		= {Introducing Python},
	subtitle	= {Modern Computing in Simple Packages},
	author		= {Lubanovic, Bill},
	edition 	= {1},
	publisher	= {O'Reilly Media, Inc.},
	day 		= {26},
	month		= {11},
	year 		= {2014},
	location	= {Beijing},
	address 	= {Beijing Cambridge Mass},
	isbn		= {978-1-4493-5936-2}
}
@BOOK{intro_erlang,
	author 		= {Cesarini, Francesco},
	title 		= {Erlang programming},
	subtitle	= {A Concurrent Approach to Software Development},
	publisher 	= {O'Reilly},
	month 		= {06},
	year 		= {2009},
	location	= {Beijing},
	address 	= {Beijing Cambridge Mass},
	isbn 		= {978-0-5965-1818-9}
}
@BOOK{intro_go,
	author 		= {Doxsey, Caleb},
	title 		= {An Introduction to Programming in Go},
	publisher 	= {CreateSpace},
	year 		= {2012},
	address 	= {Lexington, KY},
	isbn 		= {978-1-4783-5582-3}
}
@REPORT{streets_report,
	author		= {Fietkau, Julian and Nitschke, Joachim},
	title 		= {Project Report: Streets4MPI},
	date 		= {2012-05-21},
	location 	= {Hamburg},
	url 		= {http://wr.informatik.uni-hamburg.de/_media/research/labs/2012/2012-05-julian_fietkau_joachim_nitschke-streets4mpi-report.pdf},
	urldate 	= {2015-02-18}
}
